@misc{ptrace-man-page,
  key          = {ptrace},
  title        = {ptrace(2) - Linux manual page},
  howpublished = {[Online] Dosegljivo: \url{https://man7.org/linux/man-pages/man2/ptrace.2.html}},
  note         = {Zadnji obisk 14. 1. 2025}
}
@misc{dwarf-web-page,
  key          = {dwarf},
  title        = {DWARF Debugging Standard Website},
  howpublished = {[Online] Dosegljivo: \url{https://dwarfstd.org/}},
  note         = {Zadnji obisk 14. 1. 2025}
}
@misc{win32-debugapi,
  key          = {win32-dbgapi},
  title        = {Windows Debugging API},
  howpublished = {[Online] Dosegljivo: \url{https://learn.microsoft.com/en-us/windows/win32/api/debugapi/1}},
  note         = {Zadnji obisk 14. 1. 2025}
}
@misc{win32-api,
  key          = {win32-api},
  title        = {Win32 API},
  howpublished = {[Online] Dosegljivo: \url{https://learn.microsoft.com/en-us/windows/win32/api}},
  note         = {Zadnji obisk 14. 1. 2025}
}
@misc{win32-memapi,
  key          = {win32-api},
  title        = {Windows Memora API},
  howpublished = {[Online] Dosegljivo: \url{https://learn.microsoft.com/en-us/windows/win32/api/memoryapi}},
  note         = {Zadnji obisk 14. 1. 2025}
}